% you can collect bibtext from google scholar for easy citing!
@article{alexandrov2004write,
  title={How to write a research paper},
  author={Alexandrov, Andrei V},
  journal={Cerebrovascular diseases},
  volume={18},
  number={2},
  pages={135--138},
  year={2004},
  publisher={Karger Publishers}
}